<?xml version="1.0" encoding="utf-8"?>
<record xmlns="http://www.loc.gov/MARC21/slim" xmlns:xsi="http://www.w3.org/2001/XMLSchema-instance" xsi:schemaLocation="http://www.loc.gov/MARC21/slim http://www.loc.gov/standards/marcxml/schema/MARC21slim.xsd">
	<leader>     nam a22     Mi 4500</leader>
	<controlfield tag="001">2757880</controlfield>
	<controlfield tag="003">NjP</controlfield>
	<controlfield tag="006">m        d        </controlfield>
	<controlfield tag="007">cr cn |||m|||a</controlfield>
	<controlfield tag="008">190815m19679999iq h    ob    000 0 ara c</controlfield>
	<datafield ind1=" " ind2=" " tag="040">
		<subfield code="a">ZYU</subfield>
		<subfield code="b">ara</subfield>
		<subfield code="e">rda</subfield>
		<subfield code="c">ZYU</subfield>
	</datafield>
	<datafield ind1=" " ind2=" " tag="043">
		<subfield code="a">a------</subfield>
		<subfield code="a">f------</subfield>
	</datafield>
	<datafield ind1="0" ind2="0" tag="050">
		<subfield code="a">DS38.2</subfield>
		<subfield code="b">.U74 1967</subfield>
	</datafield>
	<datafield ind1="0" ind2=" " tag="082">
		<subfield code="a">953</subfield>
		<subfield code="2">22</subfield>
	</datafield>
	<datafield ind1="1" ind2=" " tag="100">
		<subfield code="6">880-01</subfield>
		<subfield code="a">Uṣfūrī, Khalīfah ibn Khayyāṭ,</subfield>
		<subfield code="d">-854 or 855.</subfield>
	</datafield>
	<datafield ind1="1" ind2="0" tag="245">
		<subfield code="6">880-02</subfield>
		<subfield code="a">Tārīkh Khalīfah ibn Khayyāṭ. /</subfield>
		<subfield code="c">Ḥaqqaqahu wa-qaddama lahu Akram Ḍiyāʼ al-ʻUmarī.</subfield>
	</datafield>
	<datafield ind1="3" ind2="0" tag="246">
		<subfield code="6">880-03</subfield>
		<subfield code="a">Tārīkh</subfield>
	</datafield>
	<datafield ind1=" " ind2=" " tag="250">
		<subfield code="6">880-04</subfield>
		<subfield code="a">[al-Ṭabʻah 1].</subfield>
	</datafield>
	<datafield ind1=" " ind2=" " tag="260">
		<subfield code="6">880-05</subfield>
		<subfield code="a">al-Najaf :</subfield>
		<subfield code="b">Maṭbaʻat al-Ādāb,</subfield>
		<subfield code="c">1967-</subfield>
	</datafield>
	<datafield ind1=" " ind2=" " tag="300">
		<subfield code="6">880-06</subfield>
		<subfield code="a">online resource (volumes) :</subfield>
		<subfield code="b">facsimiles</subfield>
	</datafield>
	<datafield ind1=" " ind2=" " tag="336">
		<subfield code="a">text</subfield>
		<subfield code="2">rdacontent</subfield>
	</datafield>
	<datafield ind1=" " ind2=" " tag="337">
		<subfield code="a">computer</subfield>
		<subfield code="2">rdamedia</subfield>
	</datafield>
	<datafield ind1=" " ind2=" " tag="338">
		<subfield code="a">online resource</subfield>
		<subfield code="2">rdacarrier</subfield>
	</datafield>
	<datafield ind1=" " ind2=" " tag="500">
		<subfield code="a">Cover title: The history of Khalifah ibn Khayyat.</subfield>
	</datafield>
	<datafield ind1=" " ind2=" " tag="500">
		<subfield code="a">Part of the Arabic Collections Online (ACO) project, contributed by Princeton University Libraries.</subfield>
	</datafield>
	<datafield ind1=" " ind2=" " tag="504">
		<subfield code="a">Includes bibliographical references (v. 2, pages 525-534).</subfield>
	</datafield>
	<datafield ind1=" " ind2=" " tag="533">
		<subfield code="a">Electronic reproduction.</subfield>
		<subfield code="b">New York, N.Y. :</subfield>
		<subfield code="c">New York University,</subfield>
		<subfield code="d">2019.</subfield>
		<subfield code="5">NNU</subfield>
	</datafield>
	<datafield ind1=" " ind2="0" tag="651">
		<subfield code="a">Islamic Empire</subfield>
		<subfield code="x">History.</subfield>
	</datafield>
	<datafield ind1=" " ind2="7" tag="651">
		<subfield code="a">Islamic Empire.</subfield>
		<subfield code="2">fast</subfield>
		<subfield code="0">(OCoLC)fst01244134</subfield>
	</datafield>
	<datafield ind1=" " ind2="7" tag="655">
		<subfield code="a">History.</subfield>
		<subfield code="2">fast</subfield>
		<subfield code="0">(OCoLC)fst01411628</subfield>
	</datafield>
	<datafield ind1="1" ind2=" " tag="700">
		<subfield code="6">880-07</subfield>
		<subfield code="a">ʻUmarī, Akram Ḍiyāʼ,</subfield>
		<subfield code="e">editor.</subfield>
	</datafield>
	<datafield ind1="2" ind2=" " tag="710">
		<subfield code="a">Princeton University.</subfield>
		<subfield code="b">Library.</subfield>
	</datafield>
	<datafield ind1="0" ind2=" " tag="730">
		<subfield code="a">Arabic Collections Online.</subfield>
	</datafield>
	<datafield ind1="0" ind2="8" tag="776">
		<subfield code="i">Online version:</subfield>
		<subfield code="a">Uṣfūrī, Khalīfah ibn Khayyāṭ, -854 or 5.</subfield>
		<subfield code="t">Tārīkh Khalīfah ibn Khayyāṭ.</subfield>
		<subfield code="b">[al-Ṭabʻah 1].</subfield>
		<subfield code="d">al-Najaf, Maṭbaʻat al-Ādāb, 1967]-</subfield>
		<subfield code="w">(OCoLC)558752096</subfield>
	</datafield>
	<datafield ind1="0" ind2="8" tag="776">
		<subfield code="i">Print version:</subfield>
		<subfield code="a">Uṣfūrī, Khalīfah ibn Khayyāṭ, -854 or 855.</subfield>
		<subfield code="t">Tārīkh Khalīfah ibn Khayyāṭ</subfield>
		<subfield code="w">(NjP)2757880</subfield>
		<subfield code="w">(DLC)ne 67001811 </subfield>
		<subfield code="w">(OCoLC)21541809</subfield>
	</datafield>
	<datafield ind1="4" ind2="0" tag="856">
		<subfield code="u">http://hdl.handle.net/2333.1/h18939k4</subfield>
	</datafield>
	<datafield ind1="1" ind2=" " tag="880">
		<subfield code="6">100-01</subfield>
		<subfield code="a">اصفوري، خليفة بن خياط،</subfield>
		<subfield code="d">-854 or 855.</subfield>
	</datafield>
	<datafield ind1="1" ind2="0" tag="880">
		<subfield code="6">245-02</subfield>
		<subfield code="a">تاريخ خليفة بن خياط /</subfield>
		<subfield code="c">حققه وقدم له أكرم ضياء العمري.</subfield>
	</datafield>
	<datafield ind1="3" ind2="0" tag="880">
		<subfield code="6">246-03</subfield>
		<subfield code="a">تاريخ</subfield>
	</datafield>
	<datafield ind1=" " ind2=" " tag="880">
		<subfield code="6">250-04</subfield>
		<subfield code="a">الطبعة 1.</subfield>
	</datafield>
	<datafield ind1=" " ind2=" " tag="880">
		<subfield code="6">260-05</subfield>
		<subfield code="a">النجف :</subfield>
		<subfield code="b">مطبعة الأداب،</subfield>
		<subfield code="c">1967-</subfield>
	</datafield>
	<datafield ind1=" " ind2=" " tag="880">
		<subfield code="6">300-06</subfield>
		<subfield code="a">مج. :</subfield>
		<subfield code="b">مثيليات ؛</subfield>
		<subfield code="c">25 سم.</subfield>
	</datafield>
	<datafield ind1="1" ind2=" " tag="880">
		<subfield code="6">700-07</subfield>
		<subfield code="a">عمري، أكرم ضياء.</subfield>
	</datafield>
	<datafield ind1=" " ind2=" " tag="959">
		<subfield code="a">NNU</subfield>
		<subfield code="b">WEB</subfield>
		<subfield code="c">GENI</subfield>
		<subfield code="t">0</subfield>
		<subfield code="m">Electronic access</subfield>
		<subfield code="s">01</subfield>
	</datafield>
	<datafield ind1=" " ind2=" " tag="999">
		<subfield code="i">NjP_2757880</subfield>
		<subfield code="o">(OCoLC)ocm21541809</subfield>
		<subfield code="s">princeton_aco002406:vol.1</subfield>
		<subfield code="s">princeton_aco002407:vol.2</subfield>
		<subfield code="e">(ERROR-880)</subfield>
		<subfield code="s">princeton_aco002406:vol.1</subfield>
		<subfield code="s">princeton_aco002407:vol.2</subfield>
	</datafield>
</record>
